<?xml version="1.0" encoding="UTF-8"?><collection xmlns="http://www.loc.gov/MARC21/slim"><record><leader>00477nam--2200181-i-4500</leader><controlfield tag="001">000050101</controlfield><controlfield tag="002">20161230</controlfield><controlfield tag="005">20170115230917</controlfield><controlfield tag="008">060222s1000------------r-----000-0-rus-d</controlfield><datafield ind1=" " ind2=" " tag="040"><subfield code="a">IFIN-HH</subfield></datafield><datafield ind1=" " ind2=" " tag="041"><subfield code="a">rus</subfield></datafield><datafield ind1=" " ind2=" " tag="080"><subfield code="a">550.835(024)=91.7</subfield></datafield><datafield ind1=" " ind2=" " tag="100"><subfield code="a">Baranov, V. I</subfield></datafield><datafield ind1="1" ind2="0" tag="245"><subfield code="a">Radiometriia</subfield><subfield code="c">V.I. Baranov</subfield></datafield><datafield ind1=" " ind2=" " tag="260"><subfield code="a">Moskva</subfield><subfield code="b">Akademia Nauk SSSR</subfield><subfield code="c">1955</subfield></datafield><datafield ind1=" " ind2=" " tag="300"><subfield code="a">328S. S ill. + 1 vkl. + opechatki</subfield></datafield><datafield ind1=" " ind2=" " tag="852"><subfield code="a">4188</subfield><subfield code="c">539.1.07:539.1.08</subfield></datafield><datafield ind1=" " ind2=" " tag="CAT"><subfield code="a">SYS</subfield><subfield code="c">20170115</subfield><subfield code="h">230917</subfield></datafield></record></collection>